
@ARTICLE{Carroll2015-wq,
  title    = "Sharing Research Data and Intellectual Property Law: A Primer",
  author   = "Carroll, Michael W",
  journal  = "PLoS biology",
  volume   =  13,
  number   =  8,
  pages    = "e1002235",
  month    =  aug,
  year     =  2015,
  url      = "http://dx.doi.org/10.1371/journal.pbio.1002235",
  language = "en",
  issn     = "1544-9173, 1545-7885",
  pmid     = "26313685",
  doi      = "10.1371/journal.pbio.1002235",
  pmc      = "PMC4551669"
}
